@online{transky,
	author  = {transarchive},
	title   = {transky},
	year    = {2025},
	url     = {https://transky.mtf.wiki/},
	langid  = {zh}
}

@online{qianxin2024,
	author  = {奇安信},
	title   = {网络安全威胁2024年度报告},
	year    = {2025},
	url     = {https://www.qianxin.com/threat/reportdetail?report_id=335},
	type    = {EB/OL},
	langid  = {zh}
}


@article{chen2018study,
  title={A study on the changes of dynamic feature code when fixing bugs: towards the benefits and costs of Python dynamic features},
  author={Chen, Zhifei and Ma, Wanwangying and Lin, Wei and Chen, Lin and Li, Yanhui and Xu, Baowen},
  journal={Science China Information Sciences},
  volume={61},
  pages={1--18},
  year={2018},
  publisher={Springer}
}

@article{ren2021matching,
  title={Matching algorithms: Fundamentals, applications and challenges},
  author={Ren, Jing and Xia, Feng and Chen, Xiangtai and Liu, Jiaying and Hou, Mingliang and Shehzad, Ahsan and Sultanova, Nargiz and Kong, Xiangjie},
  journal={IEEE Transactions on Emerging Topics in Computational Intelligence},
  volume={5},
  number={3},
  pages={332--350},
  year={2021},
  publisher={IEEE}
}

@inproceedings{lipp2022empirical,
  title={An empirical study on the effectiveness of static C code analyzers for vulnerability detection},
  author={Lipp, Stephan and Banescu, Sebastian and Pretschner, Alexander},
  booktitle={Proceedings of the 31st ACM SIGSOFT international symposium on software testing and analysis},
  pages={544--555},
  year={2022}
}

@inproceedings{yu2022natural,
  title={Natural black-box adversarial examples against deep reinforcement learning},
  author={Yu, Mengran and Sun, Shiliang},
  booktitle={Proceedings of the AAAI Conference on Artificial Intelligence},
  volume={36},
  number={8},
  pages={8936--8944},
  year={2022}
}

@article{ilahi2021challenges,
  title={Challenges and countermeasures for adversarial attacks on deep reinforcement learning},
  author={Ilahi, Inaam and Usama, Muhammad and Qadir, Junaid and Janjua, Muhammad Umar and Al-Fuqaha, Ala and Hoang, Dinh Thai and Niyato, Dusit},
  journal={IEEE Transactions on Artificial Intelligence},
  volume={3},
  number={2},
  pages={90--109},
  year={2021},
  publisher={IEEE}
}

@inproceedings{labaca2021aimed,
  title={AIMED-RL: Exploring adversarial malware examples with reinforcement learning},
  author={Labaca-Castro, Raphael and Franz, Sebastian and Rodosek, Gabi Dreo},
  booktitle={Machine Learning and Knowledge Discovery in Databases. Applied Data Science Track: European Conference, ECML PKDD 2021, Bilbao, Spain, September 13--17, 2021, Proceedings, Part IV 21},
  pages={37--52},
  year={2021},
  organization={Springer}
}

@article{standen2025adversarial,
  title={Adversarial Machine Learning Attacks and Defences in Multi-Agent Reinforcement Learning},
  author={Standen, Maxwell and Kim, Junae and Szabo, Claudia},
  journal={ACM Computing Surveys},
  volume={57},
  number={5},
  pages={1--35},
  year={2025},
  publisher={ACM New York, NY}
}

@inproceedings{meng2022adavit,
  title={Adavit: Adaptive vision transformers for efficient image recognition},
  author={Meng, Lingchen and Li, Hengduo and Chen, Bor-Chun and Lan, Shiyi and Wu, Zuxuan and Jiang, Yu-Gang and Lim, Ser-Nam},
  booktitle={Proceedings of the IEEE/CVF conference on computer vision and pattern recognition},
  pages={12309--12318},
  year={2022}
}

@inproceedings{yang2022torchaudio,
  title={Torchaudio: Building blocks for audio and speech processing},
  author={Yang, Yao-Yuan and Hira, Moto and Ni, Zhaoheng and Astafurov, Artyom and Chen, Caroline and Puhrsch, Christian and Pollack, David and Genzel, Dmitriy and Greenberg, Donny and Yang, Edward Z and others},
  booktitle={ICASSP 2022-2022 IEEE International Conference on Acoustics, Speech and Signal Processing (ICASSP)},
  pages={6982--6986},
  year={2022},
  organization={IEEE}
}

@article{weld2022survey,
  title={A survey of joint intent detection and slot filling models in natural language understanding},
  author={Weld, Henry and Huang, Xiaoqi and Long, Siqu and Poon, Josiah and Han, Soyeon Caren},
  journal={ACM Computing Surveys},
  volume={55},
  number={8},
  pages={1--38},
  year={2022},
  publisher={ACM New York, NY}
}

@article{lee2023classification,
  title={Classification and analysis of malicious code detection techniques based on the APT attack},
  author={Lee, Kyungroul and Lee, Jaehyuk and Yim, Kangbin},
  journal={Applied Sciences},
  volume={13},
  number={5},
  pages={2894},
  year={2023},
  publisher={MDPI}
}

@article{goodfellow2014explaining,
  title={Explaining and harnessing adversarial examples},
  author={Goodfellow, Ian J and Shlens, Jonathon and Szegedy, Christian},
  journal={arXiv preprint arXiv:1412.6572},
  year={2014}
}

@inproceedings{lupart2023study,
  title={A study on FGSM adversarial training for neural retrieval},
  author={Lupart, Simon and Clinchant, St{\'e}phane},
  booktitle={European Conference on Information Retrieval},
  pages={484--492},
  year={2023},
  organization={Springer}
}

@article{kurakin2016adversarial,
	title={Adversarial machine learning at scale},
	author={Kurakin, Alexey and Goodfellow, Ian and Bengio, Samy},
	journal={arXiv preprint arXiv:1611.01236},
	year={2016}
}

@article{bryniarski2021evading,
  title={Evading adversarial example detection defenses with orthogonal projected gradient descent},
  author={Bryniarski, Oliver and Hingun, Nabeel and Pachuca, Pedro and Wang, Vincent and Carlini, Nicholas},
  journal={arXiv preprint arXiv:2106.15023},
  year={2021}
}

@inproceedings{carlini2017towards,
  title={Towards evaluating the robustness of neural networks},
  author={Carlini, Nicholas and Wagner, David},
  booktitle={2017 ieee symposium on security and privacy (sp)},
  pages={39--57},
  year={2017},
  organization={Ieee}
}

@inproceedings{moosavi2016deepfool,
  title={Deepfool: a simple and accurate method to fool deep neural networks},
  author={Moosavi-Dezfooli, Seyed-Mohsen and Fawzi, Alhussein and Frossard, Pascal},
  booktitle={Proceedings of the IEEE conference on computer vision and pattern recognition},
  pages={2574--2582},
  year={2016}
}

@article{ilyas2017query,
  title={Query-efficient black-box adversarial examples (superceded)},
  author={Ilyas, Andrew and Engstrom, Logan and Athalye, Anish and Lin, Jessy},
  journal={arXiv preprint arXiv:1712.07113},
  year={2017}
}

@inproceedings{chen2017zoo,
  title={Zoo: Zeroth order optimization based black-box attacks to deep neural networks without training substitute models},
  author={Chen, Pin-Yu and Zhang, Huan and Sharma, Yash and Yi, Jinfeng and Hsieh, Cho-Jui},
  booktitle={Proceedings of the 10th ACM workshop on artificial intelligence and security},
  pages={15--26},
  year={2017}
}

@inproceedings{kolosnjaji2018adversarial,
  title={Adversarial malware binaries: Evading deep learning for malware detection in executables},
  author={Kolosnjaji, Bojan and Demontis, Ambra and Biggio, Battista and Maiorca, Davide and Giacinto, Giorgio and Eckert, Claudia and Roli, Fabio},
  booktitle={2018 26th European signal processing conference (EUSIPCO)},
  pages={533--537},
  year={2018},
  organization={IEEE}
}

@inproceedings{hu2022generating,
  title={Generating adversarial malware examples for black-box attacks based on GAN},
  author={Hu, Weiwei and Tan, Ying},
  booktitle={International Conference on Data Mining and Big Data},
  pages={409--423},
  year={2022},
  organization={Springer}
}

@inproceedings{grosse2017adversarial,
  title={Adversarial examples for malware detection},
  author={Grosse, Kathrin and Papernot, Nicolas and Manoharan, Praveen and Backes, Michael and McDaniel, Patrick},
  booktitle={Computer Security--ESORICS 2017: 22nd European Symposium on Research in Computer Security, Oslo, Norway, September 11-15, 2017, Proceedings, Part II 22},
  pages={62--79},
  year={2017},
  organization={Springer}
}

@inproceedings{suciu2019exploring,
  title={Exploring adversarial examples in malware detection},
  author={Suciu, Octavian and Coull, Scott E and Johns, Jeffrey},
  booktitle={2019 IEEE Security and Privacy Workshops (SPW)},
  pages={8--14},
  year={2019},
  organization={IEEE}
}

@article{demetrio2019explaining,
	title={Explaining vulnerabilities of deep learning to adversarial malware binaries},
	author={Demetrio, Luca and Biggio, Battista and Lagorio, Giovanni and Roli, Fabio and Armando, Alessandro},
	journal={arXiv preprint arXiv:1901.03583},
	year={2019}
}

@inproceedings{song2022mab,
  title={MAB-Malware: A reinforcement learning framework for blackbox generation of adversarial malware},
  author={Song, Wei and Li, Xuezixiang and Afroz, Sadia and Garg, Deepali and Kuznetsov, Dmitry and Yin, Heng},
  booktitle={Proceedings of the 2022 ACM on Asia conference on computer and communications security},
  pages={990--1003},
  year={2022}
}


@article{zhong2022reinforcement,
  title={Reinforcement learning based adversarial malware example generation against black-box detectors},
  author={Zhong, Fangtian and Hu, Pengfei and Zhang, Guoming and Li, Hong and Cheng, Xiuzhen},
  journal={Computers \& Security},
  volume={121},
  pages={102869},
  year={2022},
  publisher={Elsevier}
}

@inproceedings{he2024beyond,
  title={Beyond conventional defenses: Proactive and adversarial-resilient hardware malware detection using deep reinforcement learning},
  author={He, Zhangying and Homayoun, Houman and Sayadi, Hossein},
  booktitle={Proceedings of the 61st ACM/IEEE Design Automation Conference},
  pages={1--6},
  year={2024}
}

@inproceedings{ebrahimi2022adversarial,
  title={An adversarial reinforcement learning framework for robust machine learning-based malware detection},
  author={Ebrahimi, Mohammadreza Reza and Li, Weifeng and Chai, Yidong and Pacheco, Jason and Chen, Hsinchun},
  booktitle={2022 IEEE International Conference on Data Mining Workshops (ICDMW)},
  pages={567--576},
  year={2022},
  organization={IEEE}
}

@article{kumar2019learning,
	title={A learning model to detect maliciousness of portable executable using integrated feature set},
	author={Kumar, Ajit and Kuppusamy, KS and Aghila, Gnanasekaran},
	journal={Journal of King Saud University-Computer and Information Sciences},
	volume={31},
	number={2},
	pages={252--265},
	year={2019},
	publisher={Elsevier}
}

@inproceedings{yan2019classifying,
	title={Classifying malware represented as control flow graphs using deep graph convolutional neural network},
	author={Yan, Jiaqi and Yan, Guanhua and Jin, Dong},
	booktitle={2019 49th annual IEEE/IFIP international conference on dependable systems and networks (DSN)},
	pages={52--63},
	year={2019},
	organization={IEEE}
}

@article{corlatescu2023embersim,
	title={EMBERSim: a large-scale databank for boosting similarity search in malware analysis},
	author={Corlatescu, Dragos Georgian and Dinu, Alexandru and Gaman, Mihaela Petruta and Sumedrea, Paul},
	journal={Advances in Neural Information Processing Systems},
	volume={36},
	pages={26722--26743},
	year={2023}
}

@inproceedings{ling2022malgraph,
	title={MalGraph: Hierarchical graph neural networks for robust windows malware detection},
	author={Ling, Xiang and Wu, Lingfei and Deng, Wei and Qu, Zhenqing and Zhang, Jiangyu and Zhang, Sheng and Ma, Tengfei and Wang, Bin and Wu, Chunming and Ji, Shouling},
	booktitle={IEEE INFOCOM 2022-IEEE Conference on Computer Communications},
	pages={1998--2007},
	year={2022},
	organization={IEEE}
}

@article{trizna2024nebula,
	title={Nebula: Self-attention for dynamic malware analysis},
	author={Trizna, Dmitrijs and Demetrio, Luca and Biggio, Battista and Roli, Fabio},
	journal={IEEE Transactions on Information Forensics and Security},
	year={2024},
	publisher={IEEE}
}

@article{bhat2023system,
	title={A system call-based android malware detection approach with homogeneous \& heterogeneous ensemble machine learning},
	author={Bhat, Parnika and Behal, Sunny and Dutta, Kamlesh},
	journal={Computers \& Security},
	volume={130},
	pages={103277},
	year={2023},
	publisher={Elsevier}
}

@article{li2022novel,
	title={A novel deep framework for dynamic malware detection based on API sequence intrinsic features},
	author={Li, Ce and Lv, Qiujian and Li, Ning and Wang, Yan and Sun, Degang and Qiao, Yuanyuan},
	journal={Computers \& Security},
	volume={116},
	pages={102686},
	year={2022},
	publisher={Elsevier}
}

@article{chen2022cruparamer,
	title={Cruparamer: Learning on parameter-augmented api sequences for malware detection},
	author={Chen, Xiaohui and Hao, Zhiyu and Li, Lun and Cui, Lei and Zhu, Yiran and Ding, Zhenquan and Liu, Yongji},
	journal={IEEE Transactions on Information Forensics and Security},
	volume={17},
	pages={788--803},
	year={2022},
	publisher={IEEE}
}

@article{rohini2024magic,
	title={MAGIC: Malware behaviour analysis and impact quantification through signature co-occurrence and regression},
	author={Rohini, S and Ramesh, Gowtham and Nair, Anand R},
	journal={Computers \& security},
	volume={139},
	pages={103735},
	year={2024},
	publisher={Elsevier}
}

@inproceedings{ngo2023fast,
	title={Fast and efficient malware detection with joint static and dynamic features through transfer learning},
	author={Ngo, Mao V and Truong-Huu, Tram and Rabadi, Dima and Loo, Jia Yi and Teo, Sin G},
	booktitle={International Conference on Applied Cryptography and Network Security},
	pages={503--531},
	year={2023},
	organization={Springer}
}

@article{shar2023experimental,
	title={Experimental comparison of features, analyses, and classifiers for Android malware detection},
	author={Shar, Lwin Khin and Demissie, Biniam Fisseha and Ceccato, Mariano and Tun, Yan Naing and Lo, David and Jiang, Lingxiao and Bienert, Christoph},
	journal={Empirical Software Engineering},
	volume={28},
	number={6},
	pages={130},
	year={2023},
	publisher={Springer}
}

@article{bashir2024hybrid,
	title={Hybrid machine learning model for malware analysis in android apps},
	author={Bashir, Saba and Maqbool, Farwa and Khan, Farhan Hassan and Abid, Asif Sohail},
	journal={Pervasive and Mobile Computing},
	volume={97},
	pages={101859},
	year={2024},
	publisher={Elsevier}
}

@article{bensaoud2022deep,
	title={Deep multi-task learning for malware image classification},
	author={Bensaoud, Ahmed and Kalita, Jugal},
	journal={Journal of Information Security and Applications},
	volume={64},
	pages={103057},
	year={2022},
	publisher={Elsevier}
}

@article{conti2022few,
	title={A few-shot malware classification approach for unknown family recognition using malware feature visualization},
	author={Conti, Mauro and Khandhar, Shubham and Vinod, P},
	journal={Computers \& Security},
	volume={122},
	pages={102887},
	year={2022},
	publisher={Elsevier}
}

@article{mallik2022conrec,
	title={ConRec: malware classification using convolutional recurrence},
	author={Mallik, Abhishek and Khetarpal, Anavi and Kumar, Sanjay},
	journal={Journal of Computer Virology and Hacking Techniques},
	volume={18},
	number={4},
	pages={297--313},
	year={2022},
	publisher={Springer}
}

@inproceedings{wang2022black,
	title={Black-box adversarial windows malware generation via united puppet-based dropper and genetic algorithm},
	author={Wang, Shaohua and Fang, Yong and Xu, Yijia and Wang, Yaxian},
	booktitle={2022 IEEE 24th Int Conf on High Performance Computing \& Communications; 8th Int Conf on Data Science \& Systems; 20th Int Conf on Smart City; 8th Int Conf on Dependability in Sensor, Cloud \& Big Data Systems \& Application (HPCC/DSS/SmartCity/DependSys)},
	pages={653--662},
	year={2022},
	organization={IEEE}
}

@article{bertsimas1993simulated,
	title={Simulated annealing},
	author={Bertsimas, Dimitris and Tsitsiklis, John},
	journal={Statistical science},
	volume={8},
	number={1},
	pages={10--15},
	year={1993},
	publisher={Institute of Mathematical Statistics}
}

@article{chaslot2010monte,
	title={Monte-carlo tree search},
	author={Chaslot, Guillaume Maurice Jean-Bernard Chaslot},
	year={2010}
}

@article{watkins1992q,
	title={Q-learning},
	author={Watkins, Christopher JCH and Dayan, Peter},
	journal={Machine learning},
	volume={8},
	pages={279--292},
	year={1992},
	publisher={Springer}
}

@article{osband2016deep,
	title={Deep exploration via bootstrapped DQN},
	author={Osband, Ian and Blundell, Charles and Pritzel, Alexander and Van Roy, Benjamin},
	journal={Advances in neural information processing systems},
	volume={29},
	year={2016}
}

@article{yu2022surprising,
	title={The surprising effectiveness of ppo in cooperative multi-agent games},
	author={Yu, Chao and Velu, Akash and Vinitsky, Eugene and Gao, Jiaxuan and Wang, Yu and Bayen, Alexandre and Wu, Yi},
	journal={Advances in neural information processing systems},
	volume={35},
	pages={24611--24624},
	year={2022}
}

@inproceedings{silver2014deterministic,
	title={Deterministic policy gradient algorithms},
	author={Silver, David and Lever, Guy and Heess, Nicolas and Degris, Thomas and Wierstra, Daan and Riedmiller, Martin},
	booktitle={International conference on machine learning},
	pages={387--395},
	year={2014},
	organization={Pmlr}
}

@inproceedings{schulman2015trust,
	title={Trust region policy optimization},
	author={Schulman, John and Levine, Sergey and Abbeel, Pieter and Jordan, Michael and Moritz, Philipp},
	booktitle={International conference on machine learning},
	pages={1889--1897},
	year={2015},
	organization={PMLR}
}

@article{tesauro1991practical,
	title={Practical issues in temporal difference learning},
	author={Tesauro, Gerald},
	journal={Advances in neural information processing systems},
	volume={4},
	year={1991}
}

@inproceedings{wunder2010classes,
	title={Classes of multiagent q-learning dynamics with epsilon-greedy exploration},
	author={Wunder, Michael and Littman, Michael L and Babes, Monica},
	booktitle={Proceedings of the 27th International Conference on Machine Learning (ICML-10)},
	pages={1167--1174},
	year={2010}
}

@article{auer2002finite,
	title={Finite-time analysis of the multiarmed bandit problem},
	author={Auer, Peter and Cesa-Bianchi, Nicolo and Fischer, Paul},
	journal={Machine learning},
	volume={47},
	pages={235--256},
	year={2002},
	publisher={Springer}
}

@article{peng2018deep,
	title={Deep dyna-q: Integrating planning for task-completion dialogue policy learning},
	author={Peng, Baolin and Li, Xiujun and Gao, Jianfeng and Liu, Jingjing and Wong, Kam-Fai and Su, Shang-Yu},
	journal={arXiv preprint arXiv:1801.06176},
	year={2018}
}

@article{li2019deep,
	title={Deep reinforcement learning (DRL): Another perspective for unsupervised wireless localization},
	author={Li, You and Hu, Xin and Zhuang, Yuan and Gao, Zhouzheng and Zhang, Peng and El-Sheimy, Naser},
	journal={ieee internet of things journal},
	volume={7},
	number={7},
	pages={6279--6287},
	year={2019},
	publisher={IEEE}
}

@article{nachum2018data,
	title={Data-efficient hierarchical reinforcement learning},
	author={Nachum, Ofir and Gu, Shixiang Shane and Lee, Honglak and Levine, Sergey},
	journal={Advances in neural information processing systems},
	volume={31},
	year={2018}
}

@article{graves2012long,
	title={Long short-term memory},
	author={Graves, Alex and Graves, Alex},
	journal={Supervised sequence labelling with recurrent neural networks},
	pages={37--45},
	year={2012},
	publisher={Springer}
}

@article{anderson2018learning,
	title={Learning to evade static PE machine learning malware models via reinforcement learning},
	author={Anderson, Hyrum S and Kharkar, Anant and Filar, Bobby and Evans, David and Roth, Phil},
	journal={arXiv preprint arXiv:1801.08917},
	year={2018}
}

@article{wang2016sample,
	title={Sample efficient actor-critic with experience replay},
	author={Wang, Ziyu and Bapst, Victor and Heess, Nicolas and Mnih, Volodymyr and Munos, Remi and Kavukcuoglu, Koray and De Freitas, Nando},
	journal={arXiv preprint arXiv:1611.01224},
	year={2016}
}

@article{raff2017malware,
	title={Malware detection by eating a whole exe},
	author={Raff, Edward and Barker, Jon and Sylvester, Jared and Brandon, Robert and Catanzaro, Bryan and Nicholas, Charles},
	journal={arXiv preprint arXiv:1710.09435},
	year={2017}
}

@article{孙贺2024基于深度强化学习的恶意,
	title={基于深度强化学习的恶意 ELF 文件检测对抗方法},
	author={孙贺 and 张博成 and 耿嘉炫 and 吴迪 and 王俊峰 and 方智阳},
	journal={网络与信息安全学报},
	volume={10},
	number={5},
	pages={152--162},
	year={2024}
}

@article{zhan2024enhancing,
	title={Enhancing reinforcement learning based adversarial malware generation to evade static detection},
	author={Zhan, Dazhi and Zhang, Yanyan and Zhu, Ling and Chen, Jun and Xia, Shiming and Guo, Shize and Pan, Zhisong},
	journal={Alexandria Engineering Journal},
	volume={98},
	pages={32--43},
	year={2024},
	publisher={Elsevier}
}

@inproceedings{rathore2021identification,
	title={Identification of adversarial android intents using reinforcement learning},
	author={Rathore, Hemant and Nikam, Piyush and Sahay, Sanjay K and Sewak, Mohit},
	booktitle={2021 International Joint Conference on Neural Networks (IJCNN)},
	pages={1--8},
	year={2021},
	organization={IEEE}
}

@article{quertier2022merlin,
	title={MERLIN--Malware Evasion with Reinforcement LearnINg},
	author={Quertier, Tony and Marais, Benjamin and Morucci, St{\'e}phane and Fournel, Bertrand},
	journal={arXiv preprint arXiv:2203.12980},
	year={2022}
}

@article{xue2024reinforcement,
	title={A Reinforcement Learning-based ELF Adversarial Malicious Sample Generation Method},
	author={Xue, Mingfu and Fu, Jinlong and Li, Zhiyuan and Ni, Shifeng and Wu, Heyi and Zhang, Leo Yu and Zhang, Yushu and Liu, Weiqiang},
	journal={IEEE Journal on Emerging and Selected Topics in Circuits and Systems},
	year={2024},
	publisher={IEEE}
}
